% Encoding: UTF-8
@article {Wang-2017-ocnn,
title 		= {{Adaptive O-CNN: A Patch-based Deep Representation of 3D Shapes}},
author 		= {Wang, Peng-Shuai and Liu, Yang and Guo, Yu-Xiao and Sun, Chun-Yu and Tong, Xin},
journal 	= {ACM Transactions on Graphics (SIGGRAPH Asia)},
volume 		= {37},
number		= {6},
year 		= {2018},
}

@article{doi:10.1162/neco.1989.1.4.541,
author = {LeCun, Y. and Boser, B. and Denker, J. S. and Henderson, D. and Howard, R. E. and Hubbard, W. and Jackel, L. D.},
title = {Backpropagation Applied to Handwritten Zip Code Recognition},
journal = {Neural Computation},
volume = {1},
number = {4},
pages = {541-551},
year = {1989},
doi = {10.1162/neco.1989.1.4.541},

URL = { 
        https://doi.org/10.1162/neco.1989.1.4.541
    
},
eprint = { 
        https://doi.org/10.1162/neco.1989.1.4.541
    
}
,
    abstract = { The ability of learning networks to generalize can be greatly enhanced by providing constraints from the task domain. This paper demonstrates how such constraints can be integrated into a backpropagation network through the architecture of the network. This approach has been successfully applied to the recognition of handwritten zip code digits provided by the U.S. Postal Service. A single network learns the entire recognition operation, going from the normalized image of the character to the final classification. }
}

@article{Huang:2017:LMVCNN,
	author = {Huang, Haibin and Kalogerakis, Evangelos and Chaudhuri, Siddhartha and Ceylan, Duygu and Kim, Vladimir G. and Yumer, Ersin},
        title = {Learning Local Shape Descriptors from Part Correspondences with Multiview Convolutional Networks},
        Journal   = {ACM Transactions on Graphics},
	Volume    = {37},
	Number    = {1},
	Year      = {2017},
}

@inproceedings{su15mvcnn,
  author    = {Hang Su and
               Subhransu Maji and
               Evangelos Kalogerakis and
               Erik G. Learned{-}Miller},
  title     = {Multi-view convolutional neural networks for 3d shape recognition},
  booktitle = {Proc. ICCV},
  year      = {2015},
}

@incollection{NIPS2012_4824,
title = {ImageNet Classification with Deep Convolutional Neural Networks},
author = {Alex Krizhevsky and Sutskever, Ilya and Hinton, Geoffrey E},
booktitle = {Advances in Neural Information Processing Systems 25},
editor = {F. Pereira and C. J. C. Burges and L. Bottou and K. Q. Weinberger},
pages = {1097--1105},
year = {2012},
publisher = {Curran Associates, Inc.},
url = {http://papers.nips.cc/paper/4824-imagenet-classification-with-deep-convolutional-neural-networks.pdf}
}

@InProceedings{7353481,
  author    = {D. {Maturana} and S. {Scherer}},
  title     = {VoxNet: A 3D Convolutional Neural Network for real-time object recognition},
  booktitle = {2015 IEEE/RSJ International Conference on Intelligent Robots and Systems (IROS)},
  year      = {2015},
  pages     = {922-928},
  month     = {Sep.},
  doi       = {10.1109/IROS.2015.7353481},
  keywords  = {image representation;neurocontrollers;object recognition;real-time systems;robot vision;VoxNet;3D convolutional neural network;real-time object recognition;robust object recognition;robots;range sensors;point cloud data;volumetric occupancy grid representation;Three-dimensional displays;Object recognition;Laser radar;Sensors;Neural networks;Feature extraction;Robots},
}

@misc{qi2017pointnet,
    title={PointNet++: Deep Hierarchical Feature Learning on Point Sets in a Metric Space},
    author={Charles R. Qi and Li Yi and Hao Su and Leonidas J. Guibas},
    year={2017},
    eprint={1706.02413},
    archivePrefix={arXiv},
    primaryClass={cs.CV}
}

@misc{qi2016pointnet,
    title={PointNet: Deep Learning on Point Sets for 3D Classification and Segmentation},
    author={Charles R. Qi and Hao Su and Kaichun Mo and Leonidas J. Guibas},
    year={2016},
    eprint={1612.00593},
    archivePrefix={arXiv},
    primaryClass={cs.CV}
}

@article{Hanocka_2019,
   title={MeshCNN},
   volume={38},
   ISSN={0730-0301},
   url={http://dx.doi.org/10.1145/3306346.3322959},
   DOI={10.1145/3306346.3322959},
   number={4},
   journal={ACM Transactions on Graphics},
   publisher={Association for Computing Machinery (ACM)},
   author={Hanocka, Rana and Hertz, Amir and Fish, Noa and Giryes, Raja and Fleishman, Shachar and Cohen-Or, Daniel},
   year={2019},
   month={Jul},
   pages={1–12}
}

@misc{masci2015geodesic,
    title={Geodesic convolutional neural networks on Riemannian manifolds},
    author={Jonathan Masci and Davide Boscaini and Michael M. Bronstein and Pierre Vandergheynst},
    year={2015},
    eprint={1501.06297},
    archivePrefix={arXiv},
    primaryClass={cs.CV}
}

@misc{gilmer2017neural,
    title={Neural Message Passing for Quantum Chemistry},
    author={Justin Gilmer and Samuel S. Schoenholz and Patrick F. Riley and Oriol Vinyals and George E. Dahl},
    year={2017},
    eprint={1704.01212},
    archivePrefix={arXiv},
    primaryClass={cs.LG}
}

@misc{hamilton2017inductive,
    title={Inductive Representation Learning on Large Graphs},
    author={William L. Hamilton and Rex Ying and Jure Leskovec},
    year={2017},
    eprint={1706.02216},
    archivePrefix={arXiv},
    primaryClass={cs.SI}
}

@misc{velikovi2018deep,
    title={Deep Graph Infomax},
    author={Petar Veličković and William Fedus and William L. Hamilton and Pietro Liò and Yoshua Bengio and R Devon Hjelm},
    year={2018},
    eprint={1809.10341},
    archivePrefix={arXiv},
    primaryClass={stat.ML}
}

@Comment{jabref-meta: databaseType:bibtex;}
