@INPROCEEDINGS{7353481,
author={D. {Maturana} and S. {Scherer}},
booktitle={2015 IEEE/RSJ International Conference on Intelligent Robots and Systems (IROS)},
title={VoxNet: A 3D Convolutional Neural Network for real-time object recognition},
year={2015},
volume={},
number={},
pages={922-928},
keywords={image representation;neurocontrollers;object recognition;real-time systems;robot vision;VoxNet;3D convolutional neural network;real-time object recognition;robust object recognition;robots;range sensors;point cloud data;volumetric occupancy grid representation;Three-dimensional displays;Object recognition;Laser radar;Sensors;Neural networks;Feature extraction;Robots},
doi={10.1109/IROS.2015.7353481},
ISSN={},
month={Sep.},}